@article{mnih:2013,
  title={Playing atari with deep reinforcement learning},
  author={Mnih, Volodymyr and Kavukcuoglu, Koray and Silver, David and Graves, Alex and Antonoglou, Ioannis and Wierstra, Daan and Riedmiller, Martin},
  journal={arXiv preprint arXiv:1312.5602},
  year={2013}
}

@article{watkins:1992,
  title={Q-learning},
  author={Watkins, Christopher JCH and Dayan, Peter},
  journal={Machine learning},
  volume={8},
  number={3-4},
  pages={279--292},
  year={1992},
  publisher={Springer}
}

@inproceedings{braylan:2015,
  title={Frame skip is a powerful parameter for learning to play atari},
  author={Braylan, Alex and Hollenbeck, Mark and Meyerson, Elliot and Miikkulainen, Risto},
  booktitle={Workshops at the Twenty-Ninth AAAI Conference on Artificial Intelligence},
  year={2015}
}

@ONLINE{openai:ppo,
	author = {OpenAI},
	title = {openai.com},
	url = {https://openai.com/blog/openai-baselines-ppo/},
	note = {Proximal Policy Optimization Announcement},
	Urldate = {2020-04-14}
}

@ONLINE{schuh:2017,
 	 title={Proximal Policy Optimization Algorithms},
 	 author={Schulman, Wolski, Dhariwal, Radford, Klimov},
	 url = {https://arxiv.org/abs/1707.06347},
	 Urldate = {2020-04-13}
}

@ONLINE{thiscat:cat,
	author = {thiscatdoesnotexist.com},
	url = {https://thiscatdoesnotexist.com/},
	Urldate = {2020-04-14}
}

@ONLINE{mediium:potter,
	author = {Max Deutsch},
	title = {Harry Potter: Written by Artificial Intelligence},
	url = {https://medium.com/deep-writing/harry-potter-written-by-artificial-intelligence-8a9431803da6},
	Urldate = {2020-04-14}
}

@ONLINE{deepmind:go,
	author = {DeepMind},
	title = {AlphaGo},
	url = {https://deepmind.com/research/case-studies/alphago-the-story-so-far},
	Urldate = {2020-04-14}
}

@ONLINE{openai:five,
	author = {OpenAI},
	title = {OpenAI Five},
	url = {https://openai.com/projects/five/},
	Urldate = {2020-04-14}
}

@ONLINE{nytimes:alphago,
	author = {Paul Mozur},
	title = {Googleâ€™s AlphaGo Defeats Chinese Go Master in Win for A.I.},
	url = {https://www.nytimes.com/2017/05/23/business/google-deepmind-alphago-go-champion-defeat.html},
	Urldate = {2020-04-14}
}

@ONLINE{openai:website,
	author = {OpenAI},
	url = {https://openai.com/},
	Urldate = {2020-04-14}
}


@BOOK{reinforcementlearning,
    author    = "Richard S. Sutton and Andrew G. Barto",
    title     = "Reinforcement Learning - An Introduction",
    year      = "2018",
    publisher = "The MIT Press",
    address   = "Cambridge, Massachusetts"
}

@ONLINE{wikimedia:qlearning,
	author = {Wikimedia},
	title = {wikimedia.org},
	url = {https://wikimedia.org/api/rest_v1/media/math/render/svg/678cb558a9d59c33ef4810c9618baf34a9577686},
	note = {Q-Learning Algorithmus},
	Urldate = {2020-04-11}
}

@ONLINE{gym:doc:env,
	author = {{OpenAI Gym}},
	title = {gym.openai.com},
	url = {https://gym.openai.com/assets/docs/aeloop-138c89d44114492fd02822303e6b4b07213010bb14ca5856d2d49d6b62d88e53.svg},
	note = {Gym Documentation: Environment lifecycle},
	Urldate = {2020-04-12}
}

@ONLINE{medium:actor_critic,
	author = {Isaac Kargar},
	title = {RL Series-A2C and A3C},
	url = {https://medium.com/@kargarisaac/rl-series-a2c-and-a3c-in-pytorch-6e9edf5c8788},
	note = {Actor Critic Method},
	Urldate = {2020-04-12}
}

@ONLINE{github:blog:ml_langs,
	author = {Thomas Elliott},
	title = {The State of the Octoverse: machine learning},
	url = {https://github.blog/2019-01-24-the-state-of-the-octoverse-machine-learning},
	note = {Github Datamining for Machine Learning Projects},
	Urldate = {2020-04-13}
}

@ONLINE{edureka:ml_frameworks,
	author = {Sayantini Deb},
	title = {Keras vs TensorFlow vs PyTorch: Comparison of the Deep Learning Frameworks},
	url = {https://www.edureka.co/blog/keras-vs-tensorflow-vs-pytorch/},
	Urldate = {2020-04-13}
}

@ONLINE{towardsdatascience:actor_critic,
	author = {Ziad Salloum},
	title = {Introduction to Actor Critic in Reinforcement Learning},
	url = {https://towardsdatascience.com/introduction-to-actor-critic-7642bdb2b3d2},
	Urldate = {2020-04-16}
}

@ONLINE{theaisummer:actor_critic,
	author = {Sergios Karagiannakos},
	title = {The idea behind Actor-Critics and how A2C and A3C improve them},
	url = {https://theaisummer.com/Actor_critics/},
	Urldate = {2020-04-20}
}

@ONLINE{medium:gridsearch,
	author = {Krishni},
	title = {An introduction to Grid Search},
	url = {https://medium.com/datadriveninvestor/an-introduction-to-grid-search-ff57adcc0998},
	Urldate = {2020-04-20}
}


